@comment{x-kbibtex-personnameformatting=<%l><, %f>}

@inproceedings{Indig2013,
    address = "Szeged",
    author = "Indig, Bal{\'a}zs and Pr{\'o}sz{\'e}ky, G{\'a}bor",
	booktitle = {{X. Magyar Sz{\'a}m{\'i}t{\'o}g{\'e}pes Nyelv{\'e}szeti Konferencia}},
    pages = "310--317",
    publisher = "Szegedi Tudom{\'a}nyegyetem",
    title = "{Ismeretlen szavak helyes kezel{\'e}se k{\"o}tegelt helyes{\'i}r{\'a}s-ellen\H{o}rz\H{o} programmal}",
    year = "2013",
    editor = {Tan{\'a}cs, Attila and Varga, Viktor and Vincze, Veronika}
}

@inproceedings{Siklosi2014mszny,
    title = {A magyar beteg},
    booktitle = {{X. Magyar Sz{\'a}m{\'i}t{\'o}g{\'e}pes Nyelv{\'e}szeti Konferencia}},
    year = {2014},
    pages = {188-198},
    publisher = {Szegedi Tudom{\'a}nyegyetem},
    address = {Szeged},
    issn = {978-963-306-246-3},
    author = {Sikl{\'o}si, Borb{\'a}la and Nov{\'a}k, Attila},
    editor = {Tan{\'a}cs, Attila and Varga, Viktor and Vincze, Veronika}
}

@inproceedings{Proszeky2014,
    address = "Szeged",
    booktitle = {{X. Magyar Sz{\'a}m{\'i}t{\'o}g{\'e}pes Nyelv{\'e}szeti Konferencia}},
    author = "Pr{\'o}sz{\'e}ky, G{\'a}bor and Indig, Bal{\'a}zs and Mih{\'a}ltz, M{\'a}rton and Sass, B{\'a}lint",
    title = "Egy pszicholingvisztikai ind{\'i}ttat{\'a}s{\'u} sz{\'a}m{\'i}t{\'o}g{\'e}pes nyelvfeldolgoz{\'a}si modell fel{\'e}",
    editor = "Tan{\'a}cs, Attila and Varga, Viktor and Vincze, Veronika",
    pages = "79{\textendash}87",
    publisher = "Szegedi Tudom{\'a}nyegyetem",
    title = "{Egy pszicholingvisztikai ind{\'i}ttat{\'a}s{\'u} sz{\'a}m{\'i}t{\'o}g{\'e}pes nyelvfeldolgoz{\'a}si modell fel{\'e}}",
    year = "2014"
}

@incollection{Siklosi2014,
    year={2014},
    isbn={978-3-319-11396-8},
    booktitle={Statistical Language and Speech Processing},
    volume={8791},
    series={Lecture Notes in Computer Science},
    editor={Besacier, Laurent and Dediu, Adrian-Horia and Martín-Vide, Carlos},
    title={Identifying and Clustering Relevant Terms in Clinical Records Using Unsupervised Methods},
    publisher={Springer International Publishing},
    author={Siklósi, Borbála and Novák, Attila},
    pages={233-243},
}

@inproceedings{Endredy2014,
	author = "Endrédy, István",
	year = "2014",
	title = {{Corpus driven research: ideas and attempts}},
	booktitle = {{PhD Proceedings Annual Issues of the Doctoral School - 2014}},
	address = "Budapest, Hungary",
	publisher = "Pázmány University ePress",
	pages = {{137--140}},
	publisher = {{Faculty of Information Technology and Bionics, Pázmány Péter Catholic University.}},
	editors = "Roska, Tamás and Prószéky, Gábor and Szolgay, Péter"
}

%Jelencsik-Mátyus Kinga: Különböző stílusok -  különböző stratégiák a gyermek-felnőtt diskurzusban (2015 remélem) SZTE
@PhDThesis{Matyus2014b,
	author = "Kinga Jelencsik-Mátyus",
	school = "{University of Szeged}",
	%language = "Hungarian",
	%pages = "",
	title = {{A szociolingvisztikai stílus: Stratégiák a gyermek-felnőtt diskurzusban}},
	year = "2015",
	address = "Szeged, Hungary",
    pages = "192"
}




