@comment{x-kbibtex-personnameformatting=<%f ><%l><, %s>}

@inproceedings{Orosz2013,
	author = "Gy{\"o}rgy Orosz and Attila Nov{\'a}k",
	booktitle = "{Proceedings of the International Conference on Recent Advances in Natural Language Processing (RANLP 2013)}",
	location = "{Hissar, Bulgaria}",
	pages = "539--545",
	publisher = "{INCOMA Ltd. Shoumen, Bulgaria}",
	title = "{PurePos 2.0: a hybrid tool for morphological disambiguation}",
	url = "http://aclweb.org/anthology//R/R13/R13-1071.pdf",
	year = "2013"
}


@InProceedings{Bick2012,
  author = {Eckhard Bick and Heliana Mello and Alessandro Panunzi and Tommaso Raso},
  title = {{The annotation of the C-ORAL-BRASIL oral through the implementation of the Palavras Parser}},
  booktitle = {Proceedings of the Eight International Conference on Language Resources and Evaluation (LREC'12)},
  year = {2012},
  address = {Istanbul, Turkey},
  publisher = {ELRA},
 }

@inproceedings{Tron2006,
	author = "Viktor Tr{\'o}n and P{\'e}ter Hal{\'a}csy and P{\'e}ter Rebrus and Andr{\'a}s Rung and P{\'e}ter Vajda and Eszter Simon",
	booktitle = "{Proceedings of the Fifth conference on International Language Resources and Evaluation}",
	location = "{Genoa}",
	pages = "1670--1673",
	title = "{Morphdb.hu: Hungarian lexical database and morphological grammar}",
	year = "2006"
}


@article{Matyus2014,
	author = "Kinga M{\'a}tyus and Gy{\"o}rgy Orosz",
	journal = "{Besz{\'e}dkutat{\'a}s}",
	title = "{MONYEK: morfol{\'o}giailag egy{\'e}rtelműs{\'i}tett {\'o}vodai nyelvi korpusz}",
	year = "2014 (in press)",
}

@article{saygin2010,
  title={{A Computational Analysis of Interaction Patterns in the Acquisition of Turkish}},
  author={Sayg{\i}n, Ay{\c{s}}e P{\i}nar},
  journal={Research on Language and Computation},
  volume={8},
  number={4},
  pages={239--253},
  year={2010},
  publisher={Springer}
}


@inproceedings{Toutanova2003,
	author = "Kristina Toutanova and Dan Klein and Christopher Manning and Yoram Singer",
	booktitle = "{Proceedings of the 2003 Conference of the North American Chapter of the Association for Computational Linguistics on Human Language Technology}",
	editor = "Marti Hearst and Mari Ostendorf",
	location = "{Edmonton, Canada}",
	pages = "173--180",
	publisher = "{Association for Computational Linguistics}",
	title = "{Feature-rich part-of-speech tagging with a cyclic dependency network}",
	url = "http://portal.acm.org/citation.cfm?id=1073478",
	year = "2003"
}

@inproceedings{Novak2003,
	author = "Attila Nov{\'a}k",
	booktitle = "{Magyar Sz{\'a}m{\'i}t{\'o}g{\'e}pes Nyelv{\'e}szeti Konferencia 2003}",
	keywords = "{humor}",
	location = "{Szeged}",
	pages = "138--145.",
	title = "{Milyen a j{\'o} humor?}",
	year = "2003"
}

@inproceedings{Varadi1999,
	author = "Tamas V{\'a}radi and Csaba Oravecz",
	title = "{Morpho-syntactic ambiguity and tagset design for Hungarian}",
	url = "http://citeseerx.ist.psu.edu/viewdoc/summary?doi=10.1.1.44.4164",
	year = "1999"
}

@book{Nice1925,
	author = "Margaret Morse Nice",
	pages = "370",
	publisher = "Warwick \& York",
	title = "{Length of sentences as a criterion of a child's progress in speech}",
	url = "http://psycnet.apa.org/journals/edu/16/6/370.pdf&productCode=pa",
	year = "1925"
}

@book{Brown1973,
	author = "Roger Brown",
	location = "Oxford",
	pages = "437",
	publisher = "{Harvard University Press}",
	shorttitle = "{A first language}",
	title = "{A first language: The early stages.}",
	url = "http://doi.apa.org/psycinfo/1973-30971-000",
	year = "1973"
}

@article{Parker2005,
	author = "Matthew D. Parker and Kent Brorson",
	journal = "{First Language}",
	number = "3",
	pages = "365--376",
	title = "{A comparative study between mean length of utterance in morphemes (MLUm) and mean length of utterance in words (MLUw)}",
	url = "http://fla.sagepub.com/content/25/3/365.short",
	volume = "{25}",
	year = "2005"
}

@article{Hickey1991,
	author = "Tina Hickey",
	journal = "Journal of Child Language",
	journaltitle = "{Journal of Child Language}",
	number = "3",
	pages = "553--569",
	title = "{Mean length of utterance and the acquisition of Irish}",
	url = "http://journals.cambridge.org/production/action/cjoGetFulltext?fulltextid=4236024",
	volume = "{18}",
	year = "1991"
}

@book{Bowerman1973,
	author = "Melissa Bowerman",
	isbn = "0521200199",
	location = "Cambridge",
	pages = "307",
	publisher = "Cambridge University Press",
	shorttitle = "{Early syntactic development}",
	title = "{Early syntactic development: A cross-linguistic study with special reference to Finnish}",
	url = "http://www.google.com/books?hl=en&lr=&id=SEM4AAAAIAAJ&oi=fnd&pg=PR9&dq=Early+syntactic+development:+A+cross-linguistic+study+with+special+reference+to+Finnish&ots=\_KkadLHE8X&sig=6qaazKAsEYUfaK\_Bze36IVvpfvA",
	year = "1973"
}

@article{Schaufeli1993,
	author = "Anneli Schaufeli",
	journaltitle = "{Immigrant languages in Europe}",
	pages = "147--158",
	title = "{Turkish language development in the Netherlands}",
	url = "http://www.google.com/books?hl=en&lr=&id=gZgAjA1OOnIC&oi=fnd&pg=PA147&dq=mlu+turkish&ots=OEpGzdh3K0&sig=wRcO93YPvcu6VBRz8O4x4Zy6Ixs",
	year = "1993"
}

@PhDThesis{Weber2011,
	author = "Katalin W{\'e}ber",
	school = "{University of P{\'e}cs}",
	language = "Hungarian",
	location = "{P{\'e}cs}",
	pages = "218",
	shorttitle = {{"Rejtelmes k{\'e}tf{\'e}les{\'e}gek"}},
	title = {{"Rejtelmes k{\'e}tf{\'e}les{\'e}g" -- A k{\'e}tf{\'e}le igeragoz{\'a}s elk{\"u}l{\"o}n{\"u}l{\'e}s a magyar nyelvben}},
	url = "http://nydi.btk.pte.hu/sites/nydi.btk.pte.hu/",
	year = "2011",
	address ="Pécs, Hungary"
}

@article{Reger1990,
	author = "Zita R{\'e}ger",
	journal = "Children{\rq}s Language",
	journaltitle = "{Children's language}",
	pages = "197--222",
	title = "{Mothers' speech in different social groups in Hungary}",
	url = "http://www.google.com/books?hl=en&lr=&id=2dnKnexHgHsC&oi=fnd&pg=PA197&dq=Mothers\%E2\%80\%99+Speech+in+Different+Social+Groups+in+Hungary&ots=q6ztdWneYK&sig=sVzNK92a--l4Ba8hYA4B0DAUtUw",
	volume = "{7}",
	year = "1990"
}

@article{MacWhinney1992,
  title={The CHILDES project: Tools for analyzing talk},
  author={MacWhinney, Brian},
  journal={Child Language Teaching and Therapy},
  volume={8},
  number={2},
  pages={217--218},
  year={1992},
  publisher={Sage Publications}
}

@thesis{Svartvik1982,
	author = "Eeg-Olofsson, Mats",
	journaltitle = "{Word-Class Tagging: Some Computational Tools}",
	pages = "1--99",
	title = "{Probabilistic Tagging of a Corpus of Spoken English}",
	year = "1991",
	publisher = "University
of Goteborg: Department of Computational Linguistics"
}

@inproceedings{Nivre1996,
	author = "Joakim Nivre and Leif Gr{\"o}nqvist and Malin Gustafsson and Torbj{\"o}rn Lager and Sylvana Sofkova",
	booktitle = "{Proceedings of the 16th conference on Computational linguistics-Volume 2}",
	pages = "1078--1081",
	publisher = "{Association for Computational Linguistics}",
	title = "{Tagging spoken language using written language statistics}",
	url = "http://dl.acm.org/citation.cfm?id=993370",
	year = "1996"
}

@inproceedings{Mieskes2006,
	author = "Margot Mieskes and Michael Strube",
	booktitle = "{Proceedings of LREC}",
	pages = "935--938",
	title = "{Part-of-speech tagging of transcribed speech}",
	url = "http://www.h-its.org/english/research/nlp/download/lrec06\_final.pdf",
	year = "2006"
}

@inproceedings{Moreno2003,
	author = "Antonio Moreno and Jos{\'e} M. Guirao",
	booktitle = "{Proceedings of Recent Advances in Natural Language Processing (RANPL) 2003}",
	title = "{Tagging a spontaneous speech corpus of Spanish}",
	address = "Borovets, Bulgaria",
	year = "2003",
	pages = "292-296"
}

@inproceedings{Panunzi2004,
	author = "Alessandro Panunzi and Eugenio Picchi and Massimo Moneglia",
	booktitle = "{4th Language Resource and Evaluation Conference (LREC)}",
	shorttitle = "{Using PiTagger for Lemmatization and PoS Tagging of a Spontaneous Speech Corpus}",
	title = "{Using PiTagger for Lemmatization and PoS Tagging of a Spontaneous Speech Corpus: C-ORAL-ROM Italian.}",
	pages = "563--566",
	year = "2004",
	
}

@inproceedings{Mendes2004,
	author = "Am{\'a}lia Mendes and Raquel Amaro and M. Fernanda Bacelar do Nascimento",
	booktitle = "{Language technology for Portuguese: shallow processing tools and resources}",
	address = "{Lisboa: Colibri}",
	title = "{Morphological tagging of a spoken Portuguese corpus using available resources}",
	year = "2004",
	editor = "António Branco and Amália Mendes and Ricardo Ribeiro",
	pages = "47-62"
}

@misc{macwhinney1991childes,
	author = "Brian MacWhinney",
	title = "{CHAT manual}",
	year = "1996"
}

@book{retherford1993guide,
	author = "Kristine S Retherford",
	title = "{Guide to analysis of language transcripts}",
	year = "1993",
	publisher = "Thinking Publications University",
	pages = "283"
}

@article{Crystal1974,
	author = "David Crystal",
	journal = "Journal of Child Language",
	pages = "289--307",
	title = "{Review of R. Brown 'A first language'}",
	volume = "11",
	year = "1974"
}

