@article{meystre2008,
    author = {Meystre, S. M. and Savova, G. K. and Kipper-Schuler, K. C. and Hurdle, J. F.},
    issn = {0943-4747},
    journal = {{Yearbook of Medical Informatics}},
    pages = {128--144},
    title = {{Extracting information from textual documents in the electronic health record: a review of recent research}},
    year = {2008}
}


@inproceedings{cho2002text,
  title={{Text boundary detection of medical reports}},
  author={Cho, Paul S. and Taira, Ricky K. and Kangarloo, Hooshang},
  booktitle={{Proceedings of the AMIA Symposium}},
  pages={998},
  year={2002},
  organization={American Medical Informatics Association}
}

@article{tomanek2006reappraisal,
  title={{A reappraisal of sentence and token splitting for life sciences documents.}},
  author={Tomanek, Katrin and Wermter, Joachim and Hahn, Udo},
  journal={{Studies in Health Technology and Informatics}},
  volume={129},
  number={Pt 1},
  pages={524--528},
  year={2006}
}

%CRF
@inproceedings{tomanek2007sentence,
  title={{Sentence and token splitting based on conditional random fields}},
  author={Tomanek, Katrin and Wermter, Joachim and Hahn, Udo},
  booktitle={{Proceedings of the 10th Conference of the Pacific Association for Computational Linguistics}},
  pages={49--57},
  year={2007}
}

%Maxent
@article{taira2001automatic,
  title={{Automatic Structuring of Radiology Free-Text Reports}},
  author={Taira, Ricky K. and Soderland, Stephen G. and Jakobovits, Rex M.},
  journal={{Radiographics}},
  volume={21},
  number={1},
  pages={237--245},
  year={2001},
  publisher={Radiological Society of North America}
}

%Maxent
@inproceedings{apostolova2009automatic,
  title={{Automatic segmentation of clinical texts}},
  author={Apostolova, Emilia and Channin, David S. and Demner-Fushman, Dina and Furst, J. and Lytinen, S. and Raicu, D.},
  booktitle={{Engineering in Medicine and Biology Society, 2009. EMBC 2009. Annual International Conference of the IEEE}},
  pages={5905--5908},
  year={2009},
  organization={IEEE}
}

%Maxent
@article{Savova2010,
  author = {Savova, Guergana K. and Masanz, James J. and Ogren, Philip V. and Zheng, Jiaping and Sohn, Sunghwan and Schuler, Karin Kipper and Chute, Christopher G.},
  journal = {{Journal of the American Medical Informatics Association}},
  number = 5,
  pages = {507--513},
  title = {{Mayo clinical Text Analysis and Knowledge Extraction System (cTAKES): architecture, component evaluation and applications.}},
  volume = 17,
  year = 2010
}

%Rule-based
@article{XuSDJWD10,
  title = {{MedEx: a medication information extraction system for clinical narratives}},
  author = {Hua Xu and Shane P. Stenner and Son Doan and Kevin B. Johnson and Lemuel R. Waitman and Joshua C. Denny},
  year = {2010},
  journal = {{Journal of the American Medical Informatics Association}},
  volume = {17},
  number = {1},
  pages = {19--24}
}

@comment{x-kbibtex-personnameformatting=<%l><, %f>}

@inproceedings{dridan2012tokenization,
    author = "Dridan, Rebecca and Oepen, Stephan",
    booktitle = {{Proceedings of the 50th Annual Meeting of the Association for Computational Linguistics}},
    organization = "Association for Computational Linguistics",
    pages = "378--382",
    title = {{Tokenization: returning to a long solved problem a survey, contrastive experiment, recommendations, and toolkit}},
    year = "2012"
}

@incollection{Siklosi2013,
year={2013},
isbn={978-3-642-39592-5},
booktitle={{Statistical Language and Speech Processing}},
volume={7978},
series={Lecture Notes in Computer Science},
editor={Dediu, Adrian-Horia and Martín-Vide, Carlos and Mitkov, Ruslan and Truthe, Bianca},
title={{Context-Aware Correction of Spelling Errors in Hungarian Medical Documents}},
publisher={Springer Berlin Heidelberg},
author={Siklósi, Borbála and Novák, Attila and Prószéky, Gábor},
pages={248-259}
}

@comment{Siklosi2012,
    title = {Automatic structuring and correction suggestion system for Hungarian clinical records},
    booktitle = {8th SaLTMiL Workshop on Creation and use of basic lexical resources for lessresourced languages},
    year = {2012},
    pages = {29.{\textendash}34.},
    author = {Sikl{\'o}si, Borb{\'a}la and Orosz, Gy{\"o}rgy and Nov{\'a}k, Attila and Pr{\'o}sz{\'e}ky, G{\'a}bor},
    editor = {De Pauw, Guy and De Schryver, Gilles-Maurice and Forcada, Mike L and M Tyers, Francis and Waiganjo Wagacha, PeterEditors}
}

@article{dunning1993accurate,
  title={{Accurate methods for the statistics of surprise and coincidence}},
  author={Dunning, Ted},
  journal={{Computational linguistics}},
  volume={19},
  number={1},
  pages={61--74},
  year={1993},
  publisher={MIT Press}
}


@inproceedings{gillick2009sentence,
    author = "Gillick, Dan",
    booktitle = {{Proceedings of Human Language Technologies: The 2009 Annual Conference of the North American Chapter of the Association for Computational Linguistics, Companion Volume: Short Papers}},
    organization = "Association for Computational Linguistics",
    pages = "241--244",
    title = {{Sentence boundary detection and the problem with the US}},
    year = "2009"
}

@inproceedings{reynar1997maximum,
    author = "Reynar, Jeffrey C. and Ratnaparkhi, Adwait",
    booktitle = {{Proceedings of the fifth Conference on Applied Natural Language Processing}},
    organization = "Association for Computational Linguistics",
    pages = "16--19",
    title = {{A maximum entropy approach to identifying sentence boundaries}},
    year = "1997"
}

@article{kiss2006unsupervised,
    author = "Kiss, Tibor and Strunk, Jan",
    journal = {{Computational Linguistics}},
    number = "4",
    pages = "485--525",
    publisher = "MIT Press",
    title = {{Unsupervised multilingual sentence boundary detection}},
    volume = "32",
    year = "2006"
}

@inproceedings{stevenson2000experiments,
    author = "Stevenson, Mark and Gaizauskas, Robert",
    booktitle = {{Proceedings of the sixth Conference on Applied Natural Language Processing}},
    organization = "Association for Computational Linguistics",
    pages = "84--89",
    title = {{Experiments on sentence boundary detection}},
    year = "2000"
}

@inproceedings{palmer1994adaptive,
    author = "Palmer, David D. and Hearst, Marti A.",
    booktitle = {{Proceedings of the fourth Conference on Applied natural Language Processing}},
    organization = "Association for Computational Linguistics",
    pages = "78--83",
    title = {{Adaptive sentence boundary disambiguation}},
    year = "1994"
}

@article{palmer1997adaptive,
    author = "Palmer, David D and Hearst, Marti A",
    journal = "Computational Linguistics",
    number = "2",
    pages = "241--267",
    publisher = "MIT Press",
    title = {{Adaptive multilingual sentence boundary disambiguation}},
    volume = "23",
    year = "1997"
}

@inproceedings{zhu2007unified,
    author = "Zhu, Conghui and Tang, Jie and Li, Hang and Ng, Hwee Tou and Zhao, Tiejun",
    booktitle = {{The 45st Annual Meeting of the Association for Computational Linguistics}},
    pages = "688--695",
    title = {{A unified tagging approach to text normalization}},
    year = "2007"
}

@comment{kiss2002viewing,
    author = "Kiss, Tibor and Strunk, Jan",
    journal = "Proceedings of KONVENS 2002",
    pages = "75--82",
    title = "{Viewing sentence boundary detection as collocation identification}",
    year = "2002"
}

@inproceedings{read2012sentence,
    author = "Read, Jonathon and Dridan, Rebecca and Oepen, Stephan and Solberg, Lars J{\o}rgen",
    booktitle = {{24th International Conference on Computational Linguistics (Coling 2012)}},
    title = {{Sentence Boundary Detection: A Long Solved Problem?}},
    address = {India},
    year = "2012"
}

@article{mikheev2002periods,
    author = "Mikheev, Andrei",
    journal = {{Computational Linguistics}},
    number = "3",
    pages = "289--318",
    publisher = "MIT Press",
    title = {{Periods, capitalized words, etc.}},
    volume = "28",
    year = "2002"
}

@inproceedings{mikheev2000tagging,
    author = "Mikheev, Andrei",
    booktitle = {{Proceedings of the 1st North American Chapter of the Association for Computational Linguistics Conference}},
    organization = {{Association for Computational Linguistics}},
    pages = "264--271",
    title = {{Tagging sentence boundaries}},
    year = "2000"
}

@inproceedings{zsibrata2013magyarlanc,
    author = "Zsibrita, János and Vincze, Veronika and Farkas, Richárd",
    booktitle = {{Proceedings of Recent Advances in Natural Language Provessing 2013}},
    organization = {{Association for Computational Linguistics}},
    address   = {Hissar, Bulgaria},
    pages = {763--771},
    title = {{magyarlanc: A Toolkit for Morphological and Dependency Parsing of Hungarian}},
    year = "2013"
}

@article{pmid18693949,
    author = "Wrenn, J. O. and Stetson, P. D. and Johnson, S. B.",
    journal = "AMIA Annu Symp Proc",
    pages = "811--815",
    title = "{{A}n unsupervised machine learning approach to segmentation of clinician-entered free text}",
    year = "2007"
}

@techreport{schmid2000unsupervised,
    author = "Schmid, Helmut",
    title = {{Unsupervised learning of period disambiguation for tokenisation}},
    year = "2000",
    organization = {{University of Stuttgart}}
}

@comment{halacsy2004creating,
    author = "Hal{\'a}csy, P{\'e}ter and Kornai, Andr{\'a}s and N{\'e}meth, L{\'a}szl{\'o} and Rung, Andr{\'a}s and Szakad{\'a}t, Istv{\'a}n and Tr{\'o}n, Viktor",
    booktitle = "{Proceedings of Language Resources and Evaluation Conference}",
    title = "{Creating open language resources for Hungarian}",
    year = "2004"
}

@inproceedings{riley1989some,
    author = "Riley, Michael D.",
    booktitle = {{Proceedings of the Workshop on Speech and Natural Language}},
    organization = {{Association for Computational Linguistics}},
    pages = "339--352",
    title = {{Some applications of tree-based modelling to speech and language}},
    year = "1989"
}


@comment {Orosz:mszny2013,
    title = {Magyar nyelv{\H u} klinikai rekordok morfol{\'o}giai egy{\'e}rtelm{\H u}s{\'\i}t{\'e}se},
    booktitle = {IX. Magyar Sz{\'a}m{\'\i}t{\'o}g{\'e}pes Nyelv{\'e}szeti Konferencia},
    year = {2013},
    pages = {159-169},
    publisher = {Szegedi Tudom{\'a}nyegyetem},
    address = {Szeged},
    author = {Orosz, Gy{\"o}rgy and Nov{\'a}k, Attila and Pr{\'o}sz{\'e}ky, G{\'a}bor}
}


@misc{Baldridge2002,
author = {Baldridge, Jason and Morton, Thomas and Bierner, Gann},
mendeley-tags = {maxent,ner,opennlp,pos},
title = {{The OpenNLP maximum entropy package}},
url = {http://maxent.sourceforge.net},
year = {2002}
}

@inproceedings{kumar2009monk,
  title={{MONK Project: Architecture Overview}},
  author={Kumar, Amit},
  booktitle={{Proceedings of JCDL 2009 Workshop: Integrating Digital Library Content with Computational Tools and Services}},
  year={2009}
}