Automatically generated by Mendeley 1.8.3
Any changes to this file will be lost if it is regenerated by Mendeley.



@inproceedings{Brill1998,
address = {Stroudsburg, PA, USA},
author = {Brill, Eric and Wu, Jun},
booktitle = {{Proceedings of the 36th Annual Meeting of the Association for Computational Linguistics and 17th International Conference on Computational Linguistics}},
pages = {191--195},
publisher = {Association for Computational Linguistics},
title = {{Classifier combination for improved lexical disambiguation}},
volume = {1},
pages = {10--18},
year = {1998},
}

@article{Hall2009,
author = {Hall, Mark and Frank, Eibe and Holmes, Geoffrey and Pfahringer, Bernhard and Reutemann, Peter and Witten, Ian H.},
issn = {19310145},
journal = {{ACM SIGKDD Explorations Newsletter}},
number = {1},
pages = {10--18},
publisher = {ACM},
title = {{The WEKA data mining software}},
volume = {11},
year = {2009}
}

@inproceedings{John1995,
    address = {San Mateo},
    author = {George H. John and Pat Langley},
    booktitle = {{Eleventh Conference on Uncertainty in Artificial Intelligence}},
    pages = {338-345},
    publisher = {{Morgan Kaufmann}},
    title = {{Estimating Continuous Distributions in Bayesian Classifiers}},
    year = {1995}
}
 
@comment{Tron2006,
address = {Genoa},
author = {Tr\'{o}n, Viktor and Hal\'{a}csy, P\'{e}ter and Rebrus, P\'{e}ter and Rung, Andr\'{a}s and Vajda, P\'{e}ter and Simon, Eszter},
booktitle = {{Proceedings of the Fifth conference on International Language Resources and Evaluation}},
pages = {1670--1673},
title = {{Morphdb.hu: Hungarian lexical database and morphological grammar}},
year = {2006}
}
@comment{Orosz2012,
address = {Wroclaw},
author = {Orosz, Gy\"{o}rgy and Nov\'{a}k, Attila},
booktitle = {{Proceedings of the 9th International Workshop on Natural Language Processing and Cognitive Science}},
editor = {Sharp, Bernadette and Zock, Michael},
pages = {53--63},
title = {{PurePos -- an open source morphological disambiguator}},
year = {2012}
}
@article{Halteren2001,
author = {Halteren, Hans Van and Zavrel, Jakub and Daelemans, Walter},
issn = {08912017},
journal = {{Computational Linguistics}},
number = {2},
pages = {199--229},
publisher = {MIT Press},
title = {{Improving Accuracy in Word Class Tagging through the Combination of Machine Learning Systems}},
volume = {27},
year = {2001}
}
@inproceedings{Hajic2001,
author = {Haji\v{c}, Jan and Krbec, Pavel and Kv\v{e}toň and Oliva, Karel and Petkevi\v{c}, Vladim\'{\i}r},
booktitle = {{Proceedings of the 39th Annual Meeting on Association for Computational Linguistics}},
organization = {Association for Computational Linguistics},
pages = {268--275},
title = {{Serial combination of rules and statistics: A case study in Czech tagging}},
year = {2001}
}
@inproceedings{Csendes2004,
author = {Csendes, D\'{o}ra and Csirik, J\'{a}nos and Gyim\'{o}thy, Tibor},
booktitle = {{Proceedings of the 5th International Workshop on Linguistically Interpreted Corpora LINC 2004 at The 20th International Conference on Computational Linguistics COLING 2004}},
pages = {19--23},
title = {{The Szeged Corpus: A POS tagged and syntactically annotated Hungarian natural language corpus}},
year = {2004}
}
@book{Witten2011,
author = {Witten, Ian H. and Frank, Eibe and Hall, Mark A.},
edition = {3rd},
isbn = {978-0-12-374856-0},
pages = {629},
title = {{Data Mining: Practical Machine Learning Tools and Techniques}},
year = {2011}
}


@InProceedings{Laki2012,
  author =  {L{\'a}szl{\'o} Laki},
  title =   {{Investigating the Possibilities of Using SMT for Text Annotation}},
  booktitle =   {{1st Symposium on Languages, Applications and Technologies}},
  pages =   {267--283},
  series =  {OpenAccess Series in Informatics (OASIcs)},
  ISBN =    {978-3-939897-40-8},
  ISSN =    {2190-6807},
  year =    {2012},
  volume =  {21},
  editor =  {Alberto Sim{\~o}es and Ricardo Queir{\'o}s and Daniela da Cruz},
  publisher =   {Schloss Dagstuhl--Leibniz-Zentrum fuer Informatik},
  address = {Dagstuhl, Germany},
  URN =     {urn:nbn:de:0030-drops-35285},
  annote =  {Keywords: SMT, POS-tagging, Lemmatization, Target language set, OOV}
}

@comment{Zsibrita2013,
address = {Szeged},
author = {Zsibrita, J\'{a}nos and Vincze, Veronika and Farkas, Rich\'{a}rd},
booktitle = {IX. Magyar Sz\'{a}m\'{\i}t\'{o}g\'{e}pes Nyelv\'{e}szeti Konferencia},
pages = {238--374},
publisher = {Szegedi Tudom\'{a}nyegyetem},
title = {magyarlanc 2.0: szintaktikai elemz\'{e}s \'{e}s felgyors\'{\i}tott sz\'{o}faji egy\'{e}rtelműs\'{\i}t\'{e}s},
year = {2013}
}

@article{Aha1991,

author = {Aha, David W. and Kibler, Dennis and Albert, Marc K.},
journal = {{Machine Learning}},

number = {1},
pages = {37--66},
publisher = {Springer},
title = {{Instance-based learning algorithms}},
volume = {6},
year = {1991}
}

@inproceedings{Proszeky2005,
address = {Stanford, California},
author = {Prószéky, Gábor and Novák, Attila},
booktitle = {{Inquiries into Words, Constraints and Contexts.}},
mendeley-tags = {humor},
pages = {150--157},
title = {{Computational Morphologies for Small Uralic Languages}},
year = {2005}
}


@inproceedings{Proszeky1994,
  author = {Prószéky, Gábor and Kis, Balázs},
  booktitle = {{Proceedings of the 37th Annual Meeting of the Association for Computational Linguistics on Computational Linguistics}},
  editor = {Dale, Robert and Church, Kenneth Ward},
  %isbn = {1-55860-609-2},
  keywords = {dblp},
  publisher = {ACL},
  location = {College Park, Maryland},
   pages = {261--268},
  title = {{A Unification-based Approach to Morpho-syntactic Parsing of Agglutinative and Other (Highly) Inflectional Languages.}},
  year = 1999,
  address = {Stroudsburg, PA, USA}
}


@comment{New citations from here}

@article{Enriquez2013study,
	title = {{A comparative study of classifier combination applied to NLP tasks}},
	journal = {{Information Fusion}},
	volume = "14",
	number = "3",
	pages = "255 - 267",
	year = "2013",
	issn = "1566-2535",
	author = {{Fernando Enríquez and Fermín L. Cruz and F. Javier Ortega and Carlos G. Vallejo and José A. Troyano}}
}

@incollection{Iliadis2012arabic,
	year={2012},
	isbn={978-3-642-33408-5},
	booktitle={{Artificial Intelligence Applications and Innovations}},
	volume={381},
	series={{IFIP Advances in Information and Communication Technology}},
	editor={Iliadis, Lazaros and Maglogiannis, Ilias and Papadopoulos, Harris},
	title={{Improved POS-Tagging for Arabic by Combining Diverse Taggers}},
	publisher={{Springer Berlin Heidelberg}},
	author={Alabbas, Maytham and Ramsay, Allan},
	pages={107-116}
}

@inbook{Osterskov2009Italian,
	title = {{Ensemble-based POS tagging of Italian}},
	publisher = {{Italian Association for Artificial Intelligence}},
	author = {{Anders Søgaard}},
	year = "2009",
	isbn = "978-88-903581-1-1",
	booktitle = {{Poster and Workshop Proceedings of the 11th Conference of the Italian Association for Artificial Intelligence}}
}

@inproceedings{marquez1999improving,
	title={{Improving POS tagging using machine-learning techniques}},
	author={M{\'a}rquez, Luis and Rodr{\i}guez, H. and Carmona, Josep and Montolio, Josep},
	booktitle={{Proceedings of the 1999 Joint SIGDAT Conference on Empirical Methods in Natural Language Processing and Very Large Corpora}},
	pages={53-62},
	year={1999}
}

@book{Kuncheva2004,
	author = {Kuncheva, Ludmila I.},
	title = {{Combining Pattern Classifiers: Methods and Algorithms}},
	year = {2004},
	isbn = {0-471-21078-1},
	publisher = {Wiley-Interscience},
	pages={350}
} 

@article{Xu1992, 
	author={Xu, Lei and Krzyzak, Adam and Suen, Ching Y.}, 
	journal={{Systems, Man and Cybernetics, IEEE Transactions on}}, 
	title={{Methods of combining multiple classifiers and their applications to handwriting recognition}}, 
	year={1992}, 
	volume={22}, 
	number={3}, 
	pages={418-435}, 
	ISSN={0018-9472}
}

@incollection{Pascal2012polish,
	year={2012},
	isbn={978-3-642-25260-0},
	booktitle={Security and Intelligent Information Systems},
	volume={7053},
	series={Lecture Notes in Computer Science},
	editor={Bouvry, Pascal and Kłopotek, Mieczysław A. and Leprévost, Franck and Marciniak, Małgorzata and Mykowiecka, Agnieszka and Rybiński, Henryk},
	title={{Combining Polish Morphosyntactic Taggers}},
	publisher={Springer Berlin Heidelberg},
	author={Śniatowski, Tomasz and Piasecki, Maciej},
	pages={359-369}
}

@article{Hansen1990,
	author = {Hansen, Lars Kai and Salamon, Peter},
	title = {{Neural Network Ensembles}},
	journal = {{IEEE Transactions on Pattern Analysis and Machine Intelligence}},
	volume = {12},
	number = {10},
	issn = {0162-8828},
	pages = {993--1001},
	publisher = {IEEE Computer Society},
	address = {Washington, DC, USA},
	year = "1990"
} 

@inproceedings{Borin00somethingborrowed,
	author = {Lars Borin},
	title = {{Something Borrowed, Something Blue: Rule-Based Combination of POS Taggers}},
	booktitle = {{Proceedings of the 2nd International Conference on Language Resources and Evaluation (LREC 2000)}},
	year = {2000},
	pages = {21--26}
}



