
@inproceedings{Samuelsson1993,
  title={{Morphological tagging based entirely on Bayesian inference}},
  author={Samuelsson, Christer},
  booktitle={{9th Nordic Conference on Computational Linguistics NODALIDA-93}},
  address   = {Stockholm, Sweden},
  publisher = {{Stockholm University}},
  year={1993}
}

@article{Rabiner1989,
  title={{A tutorial on hidden Markov models and selected applications in speech recognition}},
  author={Rabiner, Lawrence},
  journal={{Proceedings of the IEEE}},
  volume={77},
  number={2},
  pages={257--286},
  year={1989},
  publisher={IEEE}
}

@inproceedings{Acedanski2010,
    author = "Acedanski, Szymon",
    booktitle = "{IceTAL}",
    editor = "Loftsson, Hrafn and R{\"o}gnvaldsson, Eir{\'i}kur and Helgad{\'o}ttir, Sigr{\'u}n",
    isbn = "978-3-642-14769-2",
    pages = "3--14",
    publisher = "Springer",
    series = "{Lecture Notes in Computer Science}",
    title = "{A Morphosyntactic Brill Tagger for Inflectional Languages.}",
    volume = 6233,
    year = 2010
}

@inproceedings{NovakOMK,
	title = {{\'O}- {\'e}s k{\"o}z{\'e}pmagyar sz{\'o}alaktani elemz{\H o}},
	booktitle = {{IX. Magyar Sz{\'a}mít{\'o}g{\'e}pes Nyelv{\'e}szeti Konferencia}},
	year = {2013},
	pages = {170-181},
	publisher = {Szegedi Tudom{\'a}nyegyetem, Informatikai Tansz{\'e}kcsoport},
	address = {Szeged},
	author = {Nov{\'a}k, Attila and Wenszky, N{\'o}ra},
	editor = {Tan{\'a}cs, Attila and Vincze, Veronika}
}



@article{Erjavec2012,
    address = "Secaucus, NJ, USA",
    author = "Erjavec, Toma\v{z}",
    issn = "1574-020X",
    journal = "Language Resources and Evaluation",
    month = mar,
    number = "1",
    numpages = "12",
    pages = "131--142",
    publisher = "Springer-Verlag New York, Inc.",
    title = "{MULTEXT-East: Morphosyntactic Resources for Central and Eastern European Languages}",
    volume = "46",
    year = "2012"
}


@InProceedings{Agic2013,
    author    = {Agi\'{c}, \v{Z}eljko  and  Ljube\v{s}i\'{c}, Nikola  and  Merkler, Danijela},
    title     = {{Lemmatization and Morphosyntactic Tagging of Croatian and Serbian}},
    booktitle = {{Proceedings of the 4th Biennial International Workshop on Balto-Slavic Natural Language Processing}},
    month     = {August},
    year      = {2013},
    address   = {Sofia, Bulgaria},
    publisher = {{Association for Computational Linguistics}},
    pages     = {48--57},
}

@InProceedings{Chrupaa2006,
	author = "Chrupa{\l}a, Grzegorz",
	booktitle = "Procesamiento del Lenguaje Natural",
	title = "{Simple data-driven contextsensitive lemmatization}",
	volume={37},
        pages={121--127},
	year = "2006"
}

@InProceedings{Chrupaa2008,
    author = {Grzegorz Chrupa{\l}a, Georgiana Dinu and Josef van Genabith},
    title = {{Learning Morphology with Morfette}},
    booktitle = {{Proceedings of the Sixth International Conference on Language Resources and Evaluation (LREC'08)}},
    year = {2008},
    address = {Marrakech, Morocco},
    editor = {Nicoletta Calzolari and Khalid Choukri and Bente Maegaard and Joseph Mariani and Jan Odijk and Stelios Piperidis and Daniel Tapias},
    publisher = {{European Language Resources Association (ELRA)}},
    isbn = {2-9517408-4-0},
    pages = {2362--2367}
  
}

@comment{x-kbibtex-personnameformatting=<%l><, %f>}

@incollection{Kuba2004,
	year={2004},
	author = "Kuba, Andr{\'a}s and H{\'o}cza, Andr{\'a}s and Csirik, J{\'a}nos",
	booktitle = "{{Text, Speech and Dialogue}}",
	editor = "Sojka, Petr and Kope\v{c}ek, Ivan and Pala, Karel",
	isbn = "978-3-540-23049-6",
	language = "English",
	pages = "113--120",
	publisher = "Springer Berlin Heidelberg",
	series = "{{Lecture Notes in Computer Science}}",
	title = "{{POS Tagging of Hungarian with Combined Statistical and Rule-Based Methods}}",
	volume = "3206"
}



@article{Erjavec2004,
  author    = {Tomaz Erjavec and Saso Dzeroski},
  title     = {{Machine Learning of Morphosyntactic Structure: Lemmatizing Unknown
               Slovene Words}},
  journal   = {{Applied Artificial Intelligence}},
  year      = {2004},
  volume    = {18},
  number    = {1},
  pages     = {17--41},
}


@inproceedings{Georgiev2012,
 author = {Georgiev, Georgi and Zhikov, Valentin and Osenova, Petya and Simov, Kiril and Nakov, Preslav},
 title = {{Feature-rich Part-of-speech Tagging for Morphologically Complex Languages: Application to Bulgarian}},
 booktitle = {{Proceedings of the 13th Conference of the European Chapter of the Association for Computational Linguistics}},
 series = {{EACL '12}},
 year = {2012},
 isbn = {978-1-937284-19-0},
 location = {Avignon, France},
 pages = {492--502},
 numpages = {11},
 acmid = {2380876},
 publisher = {{Association for Computational Linguistics}},
 address = {Stroudsburg, PA, USA},
} 

@inproceedings{Hajic1997,
	author = "Haji{\v{c}}, Jan and Hladk{\'a}, Barbora",
	booktitle = {{Proceedings of the Fifth Conference on Applied Natural Language Processing}},
	title = "{Probabilistic and rule-based tagger of an inflective language: a comparison}",
    pages={111--118},
    year={1997},
    organization={{Association for Computational Linguistics}}
}

@inproceedings{Hajic1998a,
	author = "Haji{\v{c}}, Jan and Hladk{\'a}, Barbora",
    booktitle={Proceedings of the 17th International Conference on Computational Linguistics},
	title = "{Tagging inflective languages: Prediction of morphological categories for a rich, structured tagset}",
	year = "1998",
	pages={483--490},
}

@inproceedings{Hajic2000,
	author = "Haji\v{c}, Jan",
    booktitle={Proceedings of the 1st North American Chapter of the Association for Computational Linguistics Conference},
    pages={94--101},
	title = "{Morphological Tagging: Data vs. Dictionaries}",
    organization={Association for Computational Linguistics},
	year = "2000"
}

@inproceedings{Hajic2007,
    title={{he best of two worlds: Cooperation of statistical and rule-based taggers for Czech}},
    author={Spoustov\'{a}, Drahom\'{\i}ra and Haji\v{c}, Jan and Votrubec, Jan and Krbec, Pavel and Kv\v{e}to\v{n}, Pavel},
    booktitle={{Proceedings of the Workshop on Balto-Slavonic Natural Language Processing: Information Extraction and Enabling Technologies}},
    series = {ACL '07},
    pages={67--74},
    year={2007},
    organization={Association for Computational Linguistics}
}


@incollection{Horvath1999,
    author = "Horv{\'a}th, Tam{\'a}s and Alexin, Zolt{\'a}n and Gyim{\'o}thy, Tibor and Wrobel, Stefan",
    booktitle = "{Inductive Logic Programming}",
    editor = "D\v{z}eroski, Sa\v{s}o and Flach, Peter",
    isbn = "978-3-540-66109-2",
    language = "English",
    pages = "128--139",
    publisher = "Springer Berlin Heidelberg",
    series = "{Lecture Notes in Computer Science}",
    title = "{Application of Different Learning Methods to Hungarian Part-of-Speech Tagging}",
    volume = "1634"
}


@inproceedings{Jongejan,
author = {Jongejan, Bart and Dalianis, Hercules},
booktitle = {{Joint conference of the 47th Annual Meeting of the Association for Computational Linguistics and the 4th International Joint Conference on Natural Language Processing of the Asian Federation of Natural Language Processing}},
isbn = {978-1-932432-45-9},
pages = {145--153},
title = {{Automatic training of lemmatization rules that handle morphological changes in pre- , in- and suffixes alike}},
year = {2009}
}

@comment{Laki2013c,
	author = "Laki, LJ and Orosz, G and Nov{\'a}k, A",
	journal = "Advances in Artificial Intelligence and Its {\ldots}",
	title = {{HuLaPos 2.0--Decoding Morphology}},
	year = "2013"
}

@inproceedings{Loftsson2007,
  title={{Tagging Icelandic text using a linguistic and a statistical tagger}},
  author={Loftsson, Hrafn},
  booktitle={{Human Language Technologies 2007: The Conference of the North American Chapter of the Association for Computational Linguistics; Companion Volume, Short Papers}},
  pages={105--108},
  year={2007},
  organization={Association for Computational Linguistics}
}


@InProceedings{Muller2013,
  author    = {Mueller, Thomas  and  Schmid, Helmut  and  Sch\"{u}tze, Hinrich},
  title     = {{Efficient Higher-Order CRFs for Morphological Tagging}},
  booktitle = {{Proceedings of the 2013 Conference on Empirical Methods in Natural Language Processing}},
  month     = {October},
  year      = {2013},
  address   = {Seattle, Washington, USA},
  publisher = {{Association for Computational Linguistics}},
  pages     = {322--332},
}

@inproceedings{Oflazer1994,
 author = {Oflazer, Kemal and Kuru\"{o}z, \`{I}lker},
 title = {{Tagging and Morphological Disambiguation of Turkish Text}},
 booktitle = {{Proceedings of the Fourth Conference on Applied Natural Language Processing}},
 series = {ANLC '94},
 year = {1994},
 location = {Stuttgart, Germany},
 pages = {144--149},
 numpages = {6},
 acmid = {974391},
 publisher = {Association for Computational Linguistics},
 address = {Stroudsburg, PA, USA},
} 

@inproceedings{Oflazer1996,
    author = {Kemal Oflazer and Gökhan Tür and Gskhan Tfir},
    title = {{Combining Hand-crafted Rules and Unsupervised Learning in Constraint-based Morphological Disambiguation}},
    booktitle = {{Proceedings of the ACL-SIGDAT Conference on Empirical Methods in Natural Language Processing}},
    year = {1996},
    pages = {69--81}
}


@InProceedings{Oflazer1997,
  author    = {Kemal Oflazer  and  Gokhan Tur},
  title     = {{Morphological Disambiguation by Voting Constraints}},
  booktitle = {{Proceedings of the 35th Annual Meeting of the Association for Computational Linguistics}},
  month     = {July},
  year      = {1997},
  address   = {Madrid, Spain},
  publisher = {Association for Computational Linguistics},
  pages     = {222--229},
}

@InProceedings{Oravecz2002a,
author="Oravecz, Csaba
and Dienes, P{\'e}ter",
title={{Efficient Stochastic Part-of-Speech Tagging for Hungarian.}},
booktitle={{Proceedings of the Third International Conference on Language Resources and Evaluation (LREC'02)}},
year="2002",
publisher={{European Language Resources Association (ELRA)}},
location="Las Palmas, Canary Islands - Spain",
}


@article{Piasecki2007,
    author = "Piasecki, Maciej",
    journal = "Task Quarterly",
    number = "1-2",
    pages = "151--167",
    title = {{Polish tagger TaKIPI: Rule based construction and optimisation}},
    volume = "11",
    year = "2007"
}



@InProceedings{Plisson2004,
	author = "Plisson, Joel and Lavrac, Nada and Mladeni{\'c}, Dunja",
	title = {{A rule based approach to word lemmatization}},
	booktitle = {{SiKDD 2004 at Multiconference IS-2004}},
	pages = {83--86},
	year = "2004",
	location = "Ljubljana, Slovenia"
}


@conference{Radziszewski2011,
    author = "Radziszewski, Adam and {\'S}niatowski, Tomasz",
    booktitle = "{Proceedings of the LTC 2011}",
    title = "{{A} {M}emory-{B}ased {T}agger for {P}olish}",
    year = "2011"
}



@incollection{Radziszewski2013,
    author = "Radziszewski, Adam",
    booktitle = {{Intelligent Tools for Building a Scientific Information Platform}},
    editor = "Bembenik, Robert and Skonieczny, Lukasz and Rybinski, Henryk and Kryszkiewicz, Marzena and Niezgodka, Marek",
    isbn = "978-3-642-35646-9",
    language = "English",
    pages = "215--230",
    publisher = "Springer Berlin Heidelberg",
    series = "{Studies in Computational Intelligence}",
    title = {{A Tiered CRF Tagger for Polish}},
    volume = "467"
}


@incollection{Sak2007,
    author = "Sak, Ha\c{s}im and G{\"u}ng{\"o}r, Tunga and Sara\c{c}lar, Murat",
    booktitle = {{Computational Linguistics and Intelligent Text Processing}},
    editor = "Gelbukh, Alexander",
    isbn = "978-3-540-70938-1",
    language = "English",
    pages = "107--118",
    publisher = "Springer Berlin Heidelberg",
    series = "{Lecture Notes in Computer Science}",
    title = {{Morphological Disambiguation of Turkish Text with Perceptron Algorithm}},
    volume = "4394"
}




@comment{Silfverberg2010,
	author = "Silfverberg, M and Lind{\'e}n, K",
	journal = "Advances in Natural Language Processing",
	title = {{Part-of-speech tagging using parallel weighted finite-state transducers}},
	year = "2010"
}

@inproceedings{Silfverberg2011,
	author = "Silfverberg, Mükka and Lind{\'e}n, Krister",
	title = "{Combining Statistical Models for POS Tagging using Finite-State Calculus
}",
	booktitle = {Proceedings of the 18th Nordic Conference of Computational Linguistics
 NODALIDA 2011},
    pages = "183--190",
	year = "2011"
}

@comment{Tron2006,
	location = "Genoa",
	author = "Tr{\'o}n, Viktor and Hal{\'a}csy, P{\'e}ter and Rebrus, P{\'e}ter and Rung, Andr{\'a}s and Vajda, P{\'e}ter and Simon, Eszter",
	booktitle = {{Proceedings of the Fifth conference on International Language Resources and Evaluation}},
	pages = "1670--1673",
	title = {{Morphdb.hu: Hungarian lexical database and morphological grammar}},
	year = "2006"
}

@inproceedings{Toutanova2003,
	address = "Edmonton, Canada",
	author = "Toutanova, Kristina and Klein, Dan and Manning, Christopher D. and Singer, Yoram",
	booktitle = {{Proceedings of the 2003 Conference of the North American Chapter of the Association for Computational Linguistics on Human Language Technology}},
	editor = "Hearst, Marti and Ostendorf, Mari",
	pages = "173--180",
	publisher = "Association for Computational Linguistics",
	title = {{Feature-rich part-of-speech tagging with a cyclic dependency network}},
	year = "2003"
}

Baldridge2002,
    author = "Baldridge, Jason and Morton, Thomas and Bierner, Gann",
    title = {{The OpenNLP maximum entropy package}},
    year = "2002"


Brants2000,
    author = "Brants, Thorsten",
    booktitle = {{Proceedings of the Sixth Conference on Applied Natural Language Processing}},
    organization = "Universit{\"a}t des Saarlandes, Computational Linguistics",
    pages = "224--231",
    publisher = "Association for Computational Linguistics",
    title = {{TnT -- A Statistical Part-of-Speech Tagger}},
    year = "2000"


@inproceedings{Halacsy2007,
	address = "Prague, Czech Republic",
	author = "Hal{\'a}csy, P{\'e}ter and Kornai, Andr{\'a}s and Oravecz, Csaba",
	booktitle = {{Proceedings of the 45th Annual Meeting of the ACL on Interactive Poster and Demonstration Sessions}},
	pages = "209--212",
	publisher = "Association for Computational Linguistics",
	title = {{HunPos: an open source trigram tagger}},
	year = "2007"
}

@article{Brill1995,
	author = "Brill, Eric",
	issn = "08912017",
	journal = "Computational Linguistics",
	number = "4",
	pages = "543--565",
	publisher = "MIT Press",
	title = {{Transformation-Based Error-Driven Learning and Natural Language Processing : A Case Study in Part-of-Speech Tagging}},
	volume = "21",
	year = "1995"
}

@INPROCEEDINGS{Daybelge2007,
    author = {Turhan Daybelge and Ilyas Cicekli},
    title = {{A Rule-Based Morphological Disambiguator for Turkish”}},
    booktitle = {{Proceedings of Recent Advances in Natural Language Processing (RANLP 2007), Borovets}},
    year = {2007},
    pages = {145--149}
}

@inproceedings{Halacsy2004,
	author = "Hal{\'a}csy, P{\'e}ter and Kornai, Andr{\'a}s and N{\'e}meth, L{\'a}szl{\'o} and Rung, Andr{\'a}s and Szakad{\'a}t, Istv{\'a}n and Tr{\'o}n, Viktor",
	booktitle = {{In Proceedings of the 4th International Conference on Language Resources and Evaluation}},
	pages={1201-1204},
	title = {{Creating open language resources for Hungarian}},
	year = "2004"
}

@article{Piasecki2006,
	author = "Piasecki, Maciej and Wardy{\'n}ski, Adam",
	journal = "Proceedings of the International Multiconference on Computer Science and Information Technology",
	volume = 1,
	title = {{Multiclassifier Approach to Tagging of Polish}},
	pages = {169 -- 178},
	year = "2006"
}

@inproceedings{Tufis1998,
	author = "Tufis, Dan and Mason, Oliver",
	booktitle = {{Proceedings of the First International Conference on Language Resources and Evaluation (LREC)}},
	pages = "589--596",
	title = {{Tagging Romanian texts: a case study for Qtag, a language independent probabilistic tagger}},
	year = "1998"
}


@ARTICLE{Stolz1965,
    author = {Walter S. Stolz and Percy H. Tannenbaum and Frederick V. Carstensen},
    title = {{A Stochastic approach to the grammatical coding of English}},
    journal = {{Communications of the ACM}},
    year = {1965},
    volume=8,
    number=6,
    pages = {399--405}
}

@article{Klein1963,
 author = {Klein, Sheldon and Simmons, Robert F.},
 title = {{A Computational Approach to Grammatical Coding of English Words}},
 journal = {{Journal of the ACM}},
 issue_date = {July 1963},
 volume = {10},
 number = {3},
 month = jul,
 year = {1963},
 issn = {0004-5411},
 pages = {334--347},
 numpages = {14},
 acmid = {321180},
 publisher = {ACM},
 address = {New York, NY, USA},
} 

@comment{Smirnov2008,
	author = "Smirnov, I",
	journal = "Mechanical Translation",
	mendeley-groups = "Dissertation/Lemmatiztaion",
	title = {{Overview of stemming algorithms}},
	year = "2008"
}

@article{Porter1980,
  title={{An algorithm for suffix stripping}},
  author={Porter, Martin F.},
  journal={{Program: electronic library and information systems}},
  volume={14},
  number={3},
  pages={130--137},
  year={1980},
  publisher={MCB UP Ltd}
}


@inproceedings{Jursic2007,
    address = "Ljubljana, Slovenia",
    author = "Jur\v{s}i\v{c}, Matja\v{z} and Mozeti\v{c}, Igor and Lavra\v{c}, Nada",
    booktitle = {{Proceedings of the 10th International Multiconference Information Society}},
    editor = "Mladeni{\'c}, Dunja and Grobelnik, Marko",
    month = oct,
    pages = "206--209",
    publisher = "IJS",
    title = {{Learning Ripple Down Rules for Efficient Lemmatization}},
    year = "2007"
}


@MastersThesis{Megyesi1998,
    author = "Megyesi, Beáta",
    title = {{Brill's rule-based part of speech tagger for Hungarian}},
    school = {Stockholm University},
    address = {Stockholm},
    pages = "136",
    year = "1998"
}

@inproceedings{Halacsy2006,
	author = "Hal{\'a}csy, P{\'e}ter and Kornai, Andr{\'a}s. and Oravecz, Csaba and Tr{\'o}n, Viktor and Varga, D{\'a}niel",
	booktitle = {{Proceedings of the Fifth conference on International Language Resources and Evaluation}},
	pages = "2245--2248",
	title = {{Using a morphological analyzer in high precision POS tagging of Hungarian}},
	year = "2006"
}

@comment{Novak2013,
	address = "Sofia, Bulgaria",
	author = "Nov{\'a}k, Attila and Orosz, Gy{\"o}rgy and Wenszky, N{\'o}ra",
	booktitle = {{Proceedings of the 7th Workshop on Language Technology for Cultural Heritage, Social Sciences, and Humanities}},
	pages = "43--48",
	title = {{Morphological annotation of Old and Middle Hungarian corpora}},
	year = "2013"
}

@article{Hakkani-Tur2002,
	author = "Hakkani-T{\"u}r, Dilek Z. and Oflazer, Kemal and T{\"u}r, G{\"o}khan",
	issn = "1572-8412",
	journal = "Computers and the Humanities",
	month = nov,
	number = "4",
	pages = "381--410",
	publisher = "Kluwer Academic Publishers",
	title = {{Statistical Morphological Disambiguation for Agglutinative Languages}},
	volume = "36",
	year = "2002"
}

@book{manning1999foundations,
  title={{Foundations of Statistical Natural Language Processing}},
  author={Manning, Christopher D. and Sch{\"u}tze, Hinrich},
  year={1999},
  publisher={{The MIT Press}},
  address={Cambridge, Massachusetts},
  isbn={978-0-262-13360-9}
}

@inproceedings{Koehn2007,
 author = {Koehn, Philipp and Hoang, Hieu and Birch, Alexandra and Callison-Burch, Chris and Federico, Marcello and Bertoldi, Nicola and Cowan, Brooke and Shen, Wade and Moran, Christine and Zens, Richard and Dyer, Chris and Bojar, Ond\v{r}ej and Constantin, Alexandra and Herbst, Evan},
 title = {{Moses: Open Source Toolkit for Statistical Machine Translation}},
 booktitle = {{Proceedings of the 45th Annual Meeting of the ACL on Interactive Poster and Demonstration Sessions}},
 series = {{ACL '07}},
 year = {2007},
 location = {Prague, Czech Republic},
 pages = {177--180},
 numpages = {4},
 acmid = {1557821},
 publisher = {{Association for Computational Linguistics}},
 address = {Stroudsburg, PA, USA},
} 

@Misc{scipy,
  author =    {Eric Jones and Travis Oliphant and Pearu Peterson and others},
  title =     {{SciPy}: Open source scientific tools for {Python}},
  year =      {2001--},
  url = "http://www.scipy.org/",
  note = {[Online; accessed 2014-11-26]}
}

@Book{SPMRL:2010,
	editor    = {Djame Seddah  and  Sandra Koebler  and  Reut Tsarfaty},
	title     = {{Proceedings of the NAACL HLT 2010 First Workshop on Statistical Parsing of Morphologically-Rich Languages}},
	year      = {2010},
	address   = {Los Angeles, CA, USA},
	publisher = {{Association for Computational Linguistics}},
}

@Book{SPMRL:2011,
	editor    = {Djam\'{e} Seddah  and  Reut Tsarfaty  and  Jennifer Foster},
	title     = {{Proceedings of the Second Workshop on Statistical Parsing of Morphologically Rich Languages}},
	year      = {2011},
	address   = {Dublin, Ireland},
	publisher = {{Association for Computational Linguistics}},
}

@Book{SPMRL:2012,
	editor    = {Marianna Apidianaki  and  Ido Dagan  and  Jennifer Foster  and  Yuval Marton  and  Djam\'e Seddah  and  Reut Tsarfaty},
	title     = {{Proceedings of the ACL 2012 Joint Workshop on Statistical Parsing and Semantic Processing of Morphologically Rich Languages}},
	year      = {2012},
	address   = {Jeju, Republic of Korea},
	publisher = {{Association for Computational Linguistics}},
}

@Book{SPMRL:2013,
	editor    = {Yoav Goldberg  and  Yuval Marton  and  Ines Rehbein  and  Yannick Versley},
	title     = {{Proceedings of the Fourth Workshop on Statistical Parsing of Morphologically-Rich Languages}},
	year      = {2013},
	address   = {Seattle, Washington, USA},
	publisher = {{Association for Computational Linguistics}},
}

@InProceedings{mueller2013,
	author    = {Müller, Thomas  and  Schmid, Helmut  and  Sch\"{u}tze, Hinrich},
	title     = {{Efficient Higher-Order CRFs for Morphological Tagging}},
	booktitle = {{Proceedings of the 2013 Conference on Empirical Methods in Natural Language Processing}},
	year      = {2013},
	address   = {Seattle, Washington, USA},
	publisher = {Association for Computational Linguistics},
	pages     = {322--332},
}

@article{bohnet2013joint,
	title={{Joint morphological and syntactic analysis for richly inflected languages}},
	author={Bohnet, Bernd and Nivre, Joakim and Boguslavsky, Igor and Farkas, Rich{\'a}rd and Ginter, Filip and Haji{\v{c}}, Jan},
	journal={{Transactions of the Association for Computational Linguistics}},
	volume={1},
	pages={415--428},
	year={2013}
}

@InProceedings{leroux2012,
	author    = {Le Roux, Joseph  and  Sagot, Benoit  and  Seddah, Djam\'{e}},
	title     = {{Statistical Parsing of Spanish and Data Driven Lemmatization}},
	booktitle = {{Proceedings of the ACL 2012 Joint Workshop on Statistical Parsing and Semantic Processing of Morphologically Rich Languages}},
	year      = {2012},
	address   = {Jeju, Republic of Korea},
	publisher = {Association for Computational Linguistics},
	pages     = {55--61},
}

@inproceedings{bengoetxea2011testing,
	title={{Testing the effect of morphological disambiguation in dependency parsing of basque}},
	author={Bengoetxea, Kepa and Gojenola, Koldo and Casillas, Arantza},
	booktitle={{Proceedings of the Second Workshop on Statistical Parsing of Morphologically Rich Languages}},
	pages={28--33},
	year={2011},
	organization={Association for Computational Linguistics}
}

@InProceedings{maier2014,
	author    = {Maier, Wolfgang  and  K\"{u}bler, Sandra  and  Dakota, Daniel  and  Whyatt, Daniel},
	title     = {{Parsing German: How Much Morphology Do We Need?}},
	booktitle = {{Proceedings of the First Joint Workshop on Statistical Parsing of Morphologically Rich Languages and Syntactic Analysis of Non-Canonical Languages}},
	year      = {2014},
	address   = {Dublin, Ireland},
	publisher = {Dublin City University},
	pages     = {1--14},
}
